% This is annote.bib
% Author: Ayman Ammoura
% A demo for CMPUT 603 Fall 2002.
% The order of the following entries is irrelevant. They will be sorted according to the
% bibliography style used.
%%%%%%%%%%%%%%%%%%%%%%%%%%%%%%%%%%%%%%%%%%%%%%%%%%%%%%%%%%%%%%%%%%%%%%%%%%%%%%%%%%%%%%%%%


%% Ejemplo de art√≠culo citado

@book{mvg,
  author    = {Richard Hartley and Andrew Zisserman}, 
  title     = {Multiple View Geometry in Computer Vision},
  publisher = {Cambridge University Press},
  year      = {2004},
  address   = {The Edinburgh Building, Cambridge CB2 2RU, UK},
}
%%
